
@misc{fuzzing_book,
  title = {The Fuzzing Book},
  author = {Zeller, Andreas and others},
  url = {https://www.fuzzingbook.org/},
  note = {(Acessado em: 02/01/2022)},
  year = {2022},
}


@misc{parsifal_docs,
  title = {Parsifal Help},
  url = {https://parsif.al/help/},
  note = {(Acessado em: 07/05/2021)},
  year = {2021},
}

@misc{sql_port_swigger,
  title = {Port Swigger - SQL Injection},
  url = {https://portswigger.net/web-security/sql-injection},
  note = {(Acessado em: 17/12/2021)},
  year = {2022},
}

@misc{mysql_union,
  title = {MySQL Union},
  url = {https://dev.mysql.com/doc/refman/8.0/en/union.html},
  note = {(Acessado em: 01/12/2021)},
  year = {2022},
}

@article{bach_owasp2020understanding,
  title={Understanding the top 10 owasp vulnerabilities},
  author={Bach-Nutman, Matthew},
  journal={arXiv preprint arXiv:2012.09960},
  year={2020}
}

@article{li2018fuzzing,
  title={Fuzzing: a survey},
  author={Li, Jun and Zhao, Bodong and Zhang, Chao},
  journal={Cybersecurity},
  volume={1},
  number={1},
  pages={1--13},
  year={2018},
  publisher={SpringerOpen}
}

@misc{fuzzing_info,
  title = {fuzzing.info - History},
  url = {https://fuzzinginfo.wordpress.com/history/},
  note = {(Acessado em: 28/02/2022)},
  year = {2022}
}

@inproceedings{wu2011some,
  title={Some analysis and research of the AdaBoost algorithm},
  author={Wu, Peng and Zhao, Hui},
  booktitle={International Conference on Intelligent Computing and Information Science},
  pages={1--5},
  year={2011},
  organization={Springer}
}


@misc{out_of_band_sql_invicti,
  title = {Invicti - What is out-of-band SQL injection?},
  url = {https://www.invicti.com/learn/out-of-band-sql-injection-oob-sqli/},
  note = {(Acessado em: 28/05/2022)},
  year = {2022}
}


@misc{session_fixation_invicti,
  title = {Acunetix Invicti - Session Fixation},
  author = {Andrzej, Tomasz},
  url = {https://www.acunetix.com/blog/web-security-zone/what-is-session-fixation/},
  note = {(Acessado em: 28/05/2022)},
  year = {2022}
}

@article{ruder2016overview,
  title={An overview of gradient descent optimization algorithms},
  author={Ruder, Sebastian},
  journal={arXiv preprint arXiv:1609.04747},
  year={2016}
}

@misc{overview_gradient_descent_stochastic,
  title = {An overview of gradient descent optimization algorithms},
  author={Ruder, Sebastian},
  url = {https://ruder.io/optimizing-gradient-descent/},
  note = {(Acessado em: 11/05/2022)},
  year = {2016}
}

@article{vapnik_svm_support,
  author={Chapelle, O. and Haffner, P. and Vapnik, V.N.},
  journal={IEEE Transactions on Neural Networks}, 
  title={Support vector machines for histogram-based image classification}, 
  year={1999},
  volume={10},
  number={5},
  pages={1055-1064},
  doi={10.1109/72.788646}
}

@article{ben2001_vapnik_support,
  title={Support vector clustering},
  author={Ben-Hur, Asa and Horn, David and Siegelmann, Hava T and Vapnik, Vladimir},
  journal={Journal of machine learning research},
  volume={2},
  number={Dec},
  pages={125--137},
  year={2001}
}

@misc{scikit_svm_module,
  title = {scikit-learn, Documentation for svm modules},
  url = {https://scikit-learn.org/stable/modules/svm.html},
  note = {(Acessado em: 02/05/2022)},
  year = {2022}
}

@misc{ray_backend_parallel,
  title = {Ray Documentation - Distributed Scikit-learn / Joblib},
  url = {https://docs.ray.io/en/latest/ray-more-libs/joblib.html},
  note = {(Acessado em: 07/03/2022)},
  year = {2022}
}

@misc{ml_based_waf,
  title = {MLBasedWAF},
  author = {Vladan Stojnic},
  url = {https://github.com/vladan-stojnic/ML-based-WAF},
  note = {(Acessado em: 13/12/2021)},
  year = {2020}
}

@misc{waf_brain,
  title = {WAF-Brain},
  author = {Sergio Fdez},
  url = {https://github.com/BBVA/waf-brain},
  note = {(Acessado em: 06/07/2021)},
  year = {2018}
}

@misc{json_org,
  title = {ECMA-404 The JSON Data Interchange Standard},
  url = {https://www.json.org/json-en.html},
  note = {(Acessado em: 01/04/2021)},
  year = {2022}
}

@misc{yaml_org,
  title = {YAML Ain't Markup Languageâ„¢},
  url = {https://yaml.org/},
  note = {(Acessado em: 01/04/2021)},
  year = {2022}
}

@misc{adversarial_example,
  title = {Tensorflow Documentation - Note on Adversarial Examples},
  url = {https://www.tensorflow.org/tutorials/generative/adversarial_fgsm},
  note = {(Acessado em: 30/12/2021)},
  year = {2022}
}

@article{kar2016sqligot,
  title={SQLiGoT: Detecting SQL injection attacks using graph of tokens and SVM},
  author={Kar, Debabrata and Panigrahi, Suvasini and Sundararajan, Srikanth},
  journal={Computers \& Security},
  volume={60},
  pages={206--225},
  year={2016},
  publisher={Elsevier}
}

@misc{kaggle_dataset_sql,
  title = {Kaggle - SQL Injection Dataset},
  author = {Syed Saqlain},
  url = {https://www.kaggle.com/datasets/syedsaqlainhussain/sql-injection-dataset},
  note = {(Acessado em: 16/06/2021)},
  year = {2021}
}

@misc{wafec_doc,
  title = {Web Application Firewall Evaluation
Criteria - Version 1.0},
  author = {Web Application Security Consortium},
  url = {http://projects.webappsec.org/f/wasc-wafec-v1.0.pdf},
  note = {(Acessado em: 06/06/2022)},
  year = {2006}
}

@misc{gotestwaf_wallarm
  title = {GoTestWAF - Wallarm},
  author = {Wallarm},
  url = {https://github.com/wallarm/gotestwaf},
  note = {(Acessado em: 06/06/2022)},
  year = {2022}
}


